@article{who62,
   author={Wassily Hoeffding},
   title={Probability Inequalities for Sums of Bounded Random Variables},
   journal={Journal of the American Statistical Association},
   year=1962,
   pages={28}
}

@article{wku20,
  author={William Kuszmaul},
  title={Achieving Optimal Backlog in the Vanilla Multi-Processor Cup Game},
  journal={SIAM},
  year=2020
}

@inproceedings{mbe19,
  title={Achieving optimal backlog in multi-processor cup games},
  author={Bender, Michael A and Farach-Colton, Mart{\'\i}n and Kuszmaul, William},
  booktitle={Proceedings of the 51st Annual ACM SIGACT Symposium on Theory of Computing},
  pages={1148--1157},
  year={2019}
}

@article{die91,
  title={Persistence, amortization and randomization},
  author={Dietz, Paul and Raman, Rajeev},
  year={1991}
}

@article{mbe15,
  title={The minimum backlog problem},
  author={Bender, Michael A and Fekete, S{\'a}ndor P and Kr{\"o}ller, Alexander and Liberatore, Vincenzo and Mitchell, Joseph SB and Polishchuk, Valentin and Suomela, Jukka},
  journal={Theoretical Computer Science},
  volume={605},
  pages={51--61},
  year={2015},
  publisher={Elsevier}
}

