@article{ku20,
author = {William Kuszmaul},
title = {Achieving Optimal Backlog in the Vanilla Multi-Processor Cup Game},
journal={Proceedings of the 2020 ACM-SIAM Symposium on Discrete Algorithms (SODA)},
doi = {10.1137/1.9781611975994.96},
year={2020}
}
